
  <record>
    <uuid>8d11181b-3369-4032-8ab2-0514d94314f1</uuid>
    <datafield tag="001">005134689</datafield>
    <datafield tag="007">ki\|||;cr\|||||||||||</datafield>
    <datafield tag="008">060309q18771899sz\\\\\\\\\\\\\\\\||zxx\\</datafield>
    <datafield tag="024">
      <subfield code="2">doi</subfield>
      <subfield code="a">10.3931/e-rara-58644</subfield>
    </datafield>
    <datafield tag="245">
      <subfield code="a">Zürich. Vue générale prise depuis la Weid</subfield>
      <subfield code="b"/>
      <subfield code="c"/>
      <subfield code="h"/>
      <subfield code="n"/>
      <subfield code="p"/>
      <subfield code="a"/>
      <subfield code="c"/>
    </datafield>
    <datafield tag="264">
      <subfield code="UUID">8d11181b-3369-4032-8ab2-0514d94314f1</subfield>
      <subfield code="a">Zurich</subfield>
      <subfield code="a-gnd">Zurich</subfield>
      <subfield code="a-gnd-id">4068038-1</subfield>
      <subfield code="b">chez R. Dikenmann Peintre</subfield>
      <subfield code="b-gnd-id">1159174490</subfield>
      <subfield code="b-gnd">chez R. Dikenmann Peintre</subfield>
      <subfield code="c" parsedDate="1877/1899" upperDate="1899-12-31" lowerDate="1877-01-01">[zwischen 1877 und 1899]</subfield>
    </datafield>
    <datafield tag="300">
      <subfield code="a">1 Druckgrafik</subfield>
      <subfield code="b">Aquatinta koloriert</subfield>
      <subfield code="c">Bild 7,4 x 11,2 cm, Blatt 15 x 21 cm</subfield>
      <subfield code="e"/>
    </datafield>
    <datafield tag="336">
      <subfield code="2">rdacontent</subfield>
      <subfield code="a">unbewegtes Bild</subfield>
      <subfield code="b">sti</subfield>
    </datafield>
    <datafield tag="337">
      <subfield code="2">rdamedia;\\ | rdamedia</subfield>
      <subfield code="a">ohne Hilfsmittel zu benutzen | Computermedien</subfield>
      <subfield code="b">n | c</subfield>
    </datafield>
    <datafield tag="338">
      <subfield code="2">rdacarrier;\\ | rdacarrier</subfield>
      <subfield code="a">Blatt | Online-Ressource</subfield>
      <subfield code="b">nb | cr</subfield>
    </datafield>
    <datafield tag="500">
      <subfield code="5"/>
      <subfield code="a">Anonyme/r Künstler/in;\\ | Datierung anhand Bildinhalt: Paul Wunderli kaufte das Waidgut 1877, fügte in den darauffolgenden Jahren einen Turm hinzu und verband beide Bauten mit einem Durchgang; der Bahndamm existierte von 1855-1889;\\ | Weitere, unkolorierte Variante der Druckgrafik vorhanden, Signatur der Zentralbibliothek Zürich, Graphische Sammlung und Fotoarchiv: Zürich 4a, mit Weid I, 22</subfield>
    </datafield>
    <datafield tag="520">
      <subfield code="a">Ansicht von der Waid, im Vordergrund das Waidgut mit Menschen, im Mittelgrund der ehemalige Bahndamm des heutigen Wipkinger Viadukts und die Stadt Zürich, im Hintergrund die Alpen, am oberen Bildrand die Bezeichnungen einzelner Gipfel</subfield>
    </datafield>
    <datafield tag="590">\\$aMit dem Vermerk "Edition originale 1", stockfleckig$5Exemplar der Zentralbibliothek Zürich, Graphische Sammlung und Fotoarchiv</datafield>
    <datafield tag="651">
      <subfield code="UUID">8d11181b-3369-4032-8ab2-0514d94314f1</subfield>
      <subfield code="subfield">1</subfield>
      <subfield code="1">005134689</subfield>
      <subfield code="1">(DE-588)4068038-1</subfield>
      <subfield code="1_2">4068038-1</subfield>
      <subfield code="wd_id">Q72</subfield>
      <subfield code="2">gnd</subfield>
      <subfield code="a">Zürich</subfield>
    </datafield>
    <datafield tag="651">
      <subfield code="UUID">8d11181b-3369-4032-8ab2-0514d94314f1</subfield>
      <subfield code="subfield">2</subfield>
      <subfield code="1">005134689</subfield>
      <subfield code="1">(DE-588)1140245791</subfield>
      <subfield code="1_2">1140245791</subfield>
      <subfield code="wd_id">Q72</subfield>
      <subfield code="2">gnd</subfield>
      <subfield code="a">Waidgut</subfield>
      <subfield code="g">Zürich</subfield>
    </datafield>
    <datafield tag="651">
      <subfield code="UUID">8d11181b-3369-4032-8ab2-0514d94314f1</subfield>
      <subfield code="subfield">3</subfield>
      <subfield code="1">005134689</subfield>
      <subfield code="1">(DE-588)1137974680</subfield>
      <subfield code="1_2">1137974680</subfield>
      <subfield code="wd_id">Q84081191</subfield>
      <subfield code="2">gnd</subfield>
      <subfield code="a">Waid</subfield>
      <subfield code="g">Zürich</subfield>
    </datafield>
    <datafield tag="651">
      <subfield code="UUID">8d11181b-3369-4032-8ab2-0514d94314f1</subfield>
      <subfield code="subfield">4</subfield>
      <subfield code="1">005134689</subfield>
      <subfield code="1">(DE-588)4093562-0</subfield>
      <subfield code="1_2">4093562-0</subfield>
      <subfield code="wd_id">Q327218</subfield>
      <subfield code="2">gnd</subfield>
      <subfield code="a">Glarner Alpen</subfield>
    </datafield>
    <datafield tag="651">
      <subfield code="UUID">8d11181b-3369-4032-8ab2-0514d94314f1</subfield>
      <subfield code="subfield">5</subfield>
      <subfield code="1">005134689</subfield>
      <subfield code="1">(DE-588)4118545-6</subfield>
      <subfield code="1_2">4118545-6</subfield>
      <subfield code="wd_id">Q18630638</subfield>
      <subfield code="2">gnd</subfield>
      <subfield code="a">Schwyzer Alpen</subfield>
    </datafield>
    <datafield tag="655">
      <subfield code="2">gnd-content</subfield>
      <subfield code="a">Bild</subfield>
    </datafield>
    <datafield tag="695">ZG$aAquatinta [Formschlagwort Sondersammlungen];ZG$aAnsicht [Formschlagwort Sondersammlungen]</datafield>
    <datafield tag="710">
      <subfield code="1">(DE-588)4101514-9</subfield>
      <subfield code="4">prt</subfield>
      <subfield code="a">Kunstverlag Rudolf Dikenmann</subfield>
      <subfield code="b"/>
      <subfield code="e">Drucker</subfield>
      <subfield code="g">Zürich</subfield>
    </datafield>
    <datafield tag="751">
      <subfield code="1">(DE-588)4068038-1</subfield>
      <subfield code="4">pup</subfield>
      <subfield code="a">Zürich</subfield>
      <subfield code="e">Erscheinungsort</subfield>
      <subfield code="g"/>
    </datafield>
    <datafield tag="852">
      <subfield code="a"/>
      <subfield code="b">Z02 | Z01</subfield>
      <subfield code="c">GSB | OL</subfield>
      <subfield code="h"/>
      <subfield code="j">GRA  1.6 : 1</subfield>
      <subfield code="p">ZD416581 | ZD3452921</subfield>
    </datafield>
    <datafield tag="856">
      <subfield code="u">http://dx.doi.org/10.3931/e-rara-58644</subfield>
      <subfield code="x">Z01</subfield>
      <subfield code="z">Online via e-rara.ch</subfield>
    </datafield>
    <datafield tag="993">
      <subfield code="9">LOCAL</subfield>
      <subfield code="a">000004538_1</subfield>
      <subfield code="x">uzb-ZG</subfield>
    </datafield>
    <datafield tag="id">8d11181b-3369-4032-8ab2-0514d94314f1</datafield>
    <datafield tag="manifest">https://www.e-rara.ch/i3f/v20/15819735/manifest</datafield>
    <images>
      <image>
        <height>3497</height>
        <width>3422</width>
        <url type="iiif">https://www.e-rara.ch/zuz/i3f/v20/15819736</url>
      </image>
    </images>
  </record>