
  <record>
    <uuid>4b4a9cb6-3a32-4582-8a26-62b818b5795d</uuid>
    <datafield tag="001">005219259</datafield>
    <datafield tag="007">ki\\\\;cr\|||||||||||</datafield>
    <datafield tag="008">060708s1848\\\\sz\\\\\\\\\\\\\\\\i\zxx\\</datafield>
    <datafield tag="024">
      <subfield code="2">doi</subfield>
      <subfield code="a">10.3931/e-rara-55941</subfield>
    </datafield>
    <datafield tag="245">
      <subfield code="a">Malerischer Plan &amp; Ansicht der Stadt Zürich &amp; ihrer Umgebung</subfield>
      <subfield code="b"/>
      <subfield code="c">Siegfried del. u. sc.</subfield>
      <subfield code="h">Bildmaterial</subfield>
      <subfield code="n"/>
      <subfield code="p"/>
      <subfield code="a"/>
      <subfield code="c"/>
    </datafield>
    <datafield tag="260">
      <subfield code="a">Zürich</subfield>
      <subfield code="b">bei Hch. Fuessli &amp; Cie.</subfield>
      <subfield code="c" parsedDate="1848?" upperDate="1848-12-31" lowerDate="1848-01-01">[ca. 1848]</subfield>
      <subfield code="e"/>
      <subfield code="f"/>
      <subfield code="g"/>
    </datafield>
    <datafield tag="264">
      <subfield code="UUID">4b4a9cb6-3a32-4582-8a26-62b818b5795d</subfield>
    </datafield>
    <datafield tag="300">
      <subfield code="a">1 Druckgraphik</subfield>
      <subfield code="b">Aquatinta, Blaudruck, koloriert</subfield>
      <subfield code="c">Bild 30,3 x 46,4 cm, Blatt 39,2 x 56,3 cm</subfield>
      <subfield code="e"/>
    </datafield>
    <datafield tag="336">
      <subfield code="2">rdacontent</subfield>
      <subfield code="a">unbewegtes Bild</subfield>
      <subfield code="b">sti</subfield>
    </datafield>
    <datafield tag="337">
      <subfield code="2">rdamedia;\\ | rdamedia</subfield>
      <subfield code="a">Computermedien | ohne Hilfsmittel zu benutzen</subfield>
      <subfield code="b">c | n</subfield>
    </datafield>
    <datafield tag="338">
      <subfield code="2">rdacarrier;\\ | rdacarrier</subfield>
      <subfield code="a">Blatt | Online-Ressource</subfield>
      <subfield code="b">nb | cr</subfield>
    </datafield>
    <datafield tag="500">
      <subfield code="5"/>
      <subfield code="a">3. Zustand, mit aller Schrift (Sihlbrücke mit 15 Fensteröffnungen, mit dem 1848 errichteten Zaun vor dem neuen Zeughaus, Menschenstaffage sowie Nummerierung 1-126, Bildtitel, Künstlerbezeichnung und Verlagsadresse);\\ | Von Hand datiert ca. 1850</subfield>
    </datafield>
    <datafield tag="651">
      <subfield code="UUID">4b4a9cb6-3a32-4582-8a26-62b818b5795d</subfield>
      <subfield code="subfield">1</subfield>
      <subfield code="1">005219259</subfield>
      <subfield code="1">(DE-588)4068038-1</subfield>
      <subfield code="1_2">4068038-1</subfield>
      <subfield code="wd_id">Q72</subfield>
      <subfield code="2">gnd</subfield>
      <subfield code="a">Zürich</subfield>
    </datafield>
    <datafield tag="655">
      <subfield code="2">gnd</subfield>
      <subfield code="a">Bildliche Darstellung</subfield>
    </datafield>
    <datafield tag="695">ZG$aAquatinta [Formschlagwort Sondersammlungen];ZG$aAnsicht [Formschlagwort Sondersammlungen]</datafield>
    <datafield tag="700">
      <subfield code="1">(DE-588)138437890</subfield>
      <subfield code="2"/>
      <subfield code="4"/>
      <subfield code="5"/>
      <subfield code="a">Siegfried, Hermann</subfield>
      <subfield code="c"/>
      <subfield code="d" parsedDate="1819/1879" upperDate="1879-12-31" lowerDate="1819-01-01">1819-1879</subfield>
      <subfield code="e"/>
      <subfield code="g"/>
    </datafield>
    <datafield tag="852">
      <subfield code="a"/>
      <subfield code="b">Z02 | Z01</subfield>
      <subfield code="c">GSB | OL</subfield>
      <subfield code="h"/>
      <subfield code="j">Zürich II A 242</subfield>
      <subfield code="p">ZD442044 | ZD3419385</subfield>
    </datafield>
    <datafield tag="856">
      <subfield code="u">http://dx.doi.org/10.3931/e-rara-55941</subfield>
      <subfield code="x">Z01</subfield>
      <subfield code="z">Online via e-rara.ch</subfield>
    </datafield>
    <datafield tag="906">\\$iVM Bild = Image</datafield>
    <datafield tag="993">
      <subfield code="9">LOCAL</subfield>
      <subfield code="a">000005153</subfield>
      <subfield code="x">uzb-ZG</subfield>
    </datafield>
    <datafield tag="id">4b4a9cb6-3a32-4582-8a26-62b818b5795d</datafield>
    <datafield tag="manifest">https://www.e-rara.ch/i3f/v20/15073350/manifest</datafield>
    <images>
      <image>
        <height>5273</height>
        <width>6579</width>
        <url type="iiif">https://www.e-rara.ch/zuz/i3f/v20/15073351</url>
      </image>
    </images>
  </record>