
  <record>
    <uuid>0de7df7d-23f7-4bba-b061-730ff6a3fc18</uuid>
    <datafield tag="001">005300655</datafield>
    <datafield tag="007">ki\\\\;cr\|||||||||||</datafield>
    <datafield tag="008">060421s1742\\\\sz\\\\\\\\\\\\\\\\i\zxx\\</datafield>
    <datafield tag="024">
      <subfield code="2">doi</subfield>
      <subfield code="a">10.3931/e-rara-60518</subfield>
    </datafield>
    <datafield tag="245">
      <subfield code="a">Gross Münster</subfield>
      <subfield code="b"/>
      <subfield code="c"/>
      <subfield code="h">Bildmaterial</subfield>
      <subfield code="n"/>
      <subfield code="p"/>
      <subfield code="a"/>
      <subfield code="c"/>
    </datafield>
    <datafield tag="260">
      <subfield code="a">[Zürich]</subfield>
      <subfield code="b">[bey Heidegger und Compagnie]</subfield>
      <subfield code="c" parsedDate="1742" upperDate="1742-12-31" lowerDate="1742-01-01">[1742]</subfield>
      <subfield code="e"/>
      <subfield code="f"/>
      <subfield code="g"/>
    </datafield>
    <datafield tag="264">
      <subfield code="UUID">0de7df7d-23f7-4bba-b061-730ff6a3fc18</subfield>
    </datafield>
    <datafield tag="300">
      <subfield code="a">1 Druckgraphik</subfield>
      <subfield code="b">Radierung und Kupferstich</subfield>
      <subfield code="c">Bild und Blatt 7,7 x 13,5 cm</subfield>
      <subfield code="e"/>
    </datafield>
    <datafield tag="336">
      <subfield code="2">rdacontent</subfield>
      <subfield code="a">unbewegtes Bild</subfield>
      <subfield code="b">sti</subfield>
    </datafield>
    <datafield tag="337">
      <subfield code="2">rdamedia;\\ | rdamedia</subfield>
      <subfield code="a">ohne Hilfsmittel zu benutzen | Computermedien</subfield>
      <subfield code="b">n | c</subfield>
    </datafield>
    <datafield tag="338">
      <subfield code="2">rdacarrier;\\ | rdacarrier</subfield>
      <subfield code="a">Blatt | Online-Ressource</subfield>
      <subfield code="b">nb | cr</subfield>
    </datafield>
    <datafield tag="500">
      <subfield code="5"/>
      <subfield code="a">Anonyme/r Künstler/in;\\ | Weitere, kolorierte Variante der Druckgrafik unter derselben Signatur vorhanden;\\ | Erschienen in: Hans Heinrich Bluntschli: Memorabilia Tigurina, oder, Merkwürdigkeiten der Stadt und Landschaft Zürich, 3. Auflage, Zürich 1742, S. 193</subfield>
    </datafield>
    <datafield tag="562">
      <subfield code="5">Exemplar der Zentralbibliothek Zürich, Graphische Sammlung und Fotoarchiv</subfield>
      <subfield code="a">Handschriftliche Nummerierung oben rechts (Feder schwarz): "No 19b[?]"</subfield>
      <subfield code="b"/>
      <subfield code="c"/>
      <subfield code="e"/>
    </datafield>
    <datafield tag="590">\\$aBlatt an allen vier Seiten beschnitten$5Exemplar der Zentralbibliothek Zürich, Graphische Sammlung und Fotoarchiv</datafield>
    <datafield tag="651">
      <subfield code="UUID">0de7df7d-23f7-4bba-b061-730ff6a3fc18</subfield>
      <subfield code="subfield">1</subfield>
      <subfield code="1">005300655</subfield>
      <subfield code="1">(DE-588)4458464-7</subfield>
      <subfield code="1_2">4458464-7</subfield>
      <subfield code="wd_id">Q684948</subfield>
      <subfield code="2">gnd</subfield>
      <subfield code="a">Großmünster</subfield>
      <subfield code="g">Zürich</subfield>
    </datafield>
    <datafield tag="655">
      <subfield code="2">gnd-content</subfield>
      <subfield code="a">Bild</subfield>
    </datafield>
    <datafield tag="695">ZG$aRadierung [Formschlagwort Sondersammlungen];ZG$aKupferstich [Formschlagwort Sondersammlungen];ZG$aAnsicht [Formschlagwort Sondersammlungen]</datafield>
    <datafield tag="700">
      <subfield code="1">(DE-588)1036688089</subfield>
      <subfield code="2"/>
      <subfield code="4">edt</subfield>
      <subfield code="5"/>
      <subfield code="a">Bluntschli, Hans Heinrich</subfield>
      <subfield code="c"/>
      <subfield code="d"/>
      <subfield code="e">Herausgeber</subfield>
      <subfield code="g"/>
    </datafield>
    <datafield tag="710">
      <subfield code="1">(DE-588)6146082-5</subfield>
      <subfield code="4">pbl</subfield>
      <subfield code="a">Heidegger und Co.</subfield>
      <subfield code="b"/>
      <subfield code="e">Verlag</subfield>
      <subfield code="g"/>
    </datafield>
    <datafield tag="852">
      <subfield code="a"/>
      <subfield code="b">Z02 | Z01</subfield>
      <subfield code="c">GSM | OL</subfield>
      <subfield code="h"/>
      <subfield code="j">Zch. D 1 Grossmünster-Qu. Grossmünster I, 2</subfield>
      <subfield code="p">ZD517318 | ZD3470612</subfield>
    </datafield>
    <datafield tag="856">
      <subfield code="u">http://dx.doi.org/10.3931/e-rara-60518</subfield>
      <subfield code="x">Z01</subfield>
      <subfield code="z">Online via e-rara.ch</subfield>
    </datafield>
    <datafield tag="906">\\$iVM Bild = Image</datafield>
    <datafield tag="993">
      <subfield code="9">LOCAL</subfield>
      <subfield code="a">000004560_3</subfield>
      <subfield code="x">uzb-ZG</subfield>
    </datafield>
    <datafield tag="id">0de7df7d-23f7-4bba-b061-730ff6a3fc18</datafield>
    <datafield tag="manifest">https://www.e-rara.ch/i3f/v20/16392337/manifest</datafield>
    <images>
      <image>
        <height>1769</height>
        <width>2243</width>
        <url type="iiif">https://www.e-rara.ch/zuz/i3f/v20/16392338</url>
      </image>
    </images>
  </record>